%% This BibTeX bibliography file was created using BibDesk.
%% http://bibdesk.sourceforge.net/

%% Created for Shannon at 2018-12-17 02:32:05 -0500 


%% Saved with string encoding Unicode (UTF-8) 



@article{DPR_paper,
	Author = {Trevelyan, Alexander J. and Tsekenis, Georgios and Corwin, Eric I.},
	Date-Added = {2018-12-17 07:30:30 +0000},
	Date-Modified = {2018-12-17 07:31:40 +0000},
	Journal = {Physical Review E},
	Number = {020301},
	Title = {Degree product rule tempers explosive percolation in the absence of global information},
	Volume = {97},
	Year = {2018},
	Bdsk-File-1 = {YnBsaXN0MDDUAQIDBAUGJCVYJHZlcnNpb25YJG9iamVjdHNZJGFyY2hpdmVyVCR0b3ASAAGGoKgHCBMUFRYaIVUkbnVsbNMJCgsMDxJXTlMua2V5c1pOUy5vYmplY3RzViRjbGFzc6INDoACgAOiEBGABIAFgAdccmVsYXRpdmVQYXRoWWFsaWFzRGF0YV8QIGNpdGF0aW9ucy9QaHlzUmV2RS45Ny4wMjAzMDEucGRm0hcLGBlXTlMuZGF0YU8RAa4AAAAAAa4AAgAADE1hY2ludG9zaCBIRAAAAAAAAAAAAAAAAAAAAAAAAABCRAAB/////xZQaHlzUmV2RS45Ny4wMjAzMDEucGRmAAAAAAAAAAAAAAAAAAAAAAAAAAAAAAAAAAAAAAAAAAAAAAAAAAAAAAD/////AAAAAAAAAAAAAAAAAAEAAwAACiBjdQAAAAAAAAAAAAAAAAAJY2l0YXRpb25zAAACAFIvOlVzZXJzOnNoYW5ub246RHJvcGJveDpDaEU2OTZfcGVyY29sYXRpb246UmVwb3J0OmNpdGF0aW9uczpQaHlzUmV2RS45Ny4wMjAzMDEucGRmAA4ALgAWAFAAaAB5AHMAUgBlAHYARQAuADkANwAuADAAMgAwADMAMAAxAC4AcABkAGYADwAaAAwATQBhAGMAaQBuAHQAbwBzAGgAIABIAEQAEgBQVXNlcnMvc2hhbm5vbi9Ecm9wYm94L0NoRTY5Nl9wZXJjb2xhdGlvbi9SZXBvcnQvY2l0YXRpb25zL1BoeXNSZXZFLjk3LjAyMDMwMS5wZGYAEwABLwAAFQACAA7//wAAgAbSGxwdHlokY2xhc3NuYW1lWCRjbGFzc2VzXU5TTXV0YWJsZURhdGGjHR8gVk5TRGF0YVhOU09iamVjdNIbHCIjXE5TRGljdGlvbmFyeaIiIF8QD05TS2V5ZWRBcmNoaXZlctEmJ1Ryb290gAEACAARABoAIwAtADIANwBAAEYATQBVAGAAZwBqAGwAbgBxAHMAdQB3AIQAjgCxALYAvgJwAnICdwKCAosCmQKdAqQCrQKyAr8CwgLUAtcC3AAAAAAAAAIBAAAAAAAAACgAAAAAAAAAAAAAAAAAAALe}}

@article{NZ_paper,
	Author = {Newman, M.E.J. and Ziff, R.M.},
	Date-Added = {2018-12-17 07:29:30 +0000},
	Date-Modified = {2018-12-17 07:30:24 +0000},
	Journal = {Physical Review E},
	Number = {016706},
	Title = {Fast Monte Carlo algorithm for site or bond percolation},
	Volume = {64},
	Year = {2001},
	Bdsk-File-1 = {YnBsaXN0MDDUAQIDBAUGJCVYJHZlcnNpb25YJG9iamVjdHNZJGFyY2hpdmVyVCR0b3ASAAGGoKgHCBMUFRYaIVUkbnVsbNMJCgsMDxJXTlMua2V5c1pOUy5vYmplY3RzViRjbGFzc6INDoACgAOiEBGABIAFgAdccmVsYXRpdmVQYXRoWWFsaWFzRGF0YV8QIGNpdGF0aW9ucy9QaHlzUmV2RS42NC4wMTY3MDYucGRm0hcLGBlXTlMuZGF0YU8RAa4AAAAAAa4AAgAADE1hY2ludG9zaCBIRAAAAAAAAAAAAAAAAAAAAAAAAABCRAAB/////xZQaHlzUmV2RS42NC4wMTY3MDYucGRmAAAAAAAAAAAAAAAAAAAAAAAAAAAAAAAAAAAAAAAAAAAAAAAAAAAAAAD/////AAAAAAAAAAAAAAAAAAEAAwAACiBjdQAAAAAAAAAAAAAAAAAJY2l0YXRpb25zAAACAFIvOlVzZXJzOnNoYW5ub246RHJvcGJveDpDaEU2OTZfcGVyY29sYXRpb246UmVwb3J0OmNpdGF0aW9uczpQaHlzUmV2RS42NC4wMTY3MDYucGRmAA4ALgAWAFAAaAB5AHMAUgBlAHYARQAuADYANAAuADAAMQA2ADcAMAA2AC4AcABkAGYADwAaAAwATQBhAGMAaQBuAHQAbwBzAGgAIABIAEQAEgBQVXNlcnMvc2hhbm5vbi9Ecm9wYm94L0NoRTY5Nl9wZXJjb2xhdGlvbi9SZXBvcnQvY2l0YXRpb25zL1BoeXNSZXZFLjY0LjAxNjcwNi5wZGYAEwABLwAAFQACAA7//wAAgAbSGxwdHlokY2xhc3NuYW1lWCRjbGFzc2VzXU5TTXV0YWJsZURhdGGjHR8gVk5TRGF0YVhOU09iamVjdNIbHCIjXE5TRGljdGlvbmFyeaIiIF8QD05TS2V5ZWRBcmNoaXZlctEmJ1Ryb290gAEACAARABoAIwAtADIANwBAAEYATQBVAGAAZwBqAGwAbgBxAHMAdQB3AIQAjgCxALYAvgJwAnICdwKCAosCmQKdAqQCrQKyAr8CwgLUAtcC3AAAAAAAAAIBAAAAAAAAACgAAAAAAAAAAAAAAAAAAALe}}

@article{AP_paper,
	Author = {Achlioptas, Dimitris and D'Souza, Raissa M. and Spencer, Joel},
	Date-Added = {2018-12-17 07:27:58 +0000},
	Date-Modified = {2018-12-17 07:29:25 +0000},
	Journal = {Science},
	Number = {5920},
	Pages = {1453-1455},
	Title = {Explosive Percolation in Random Networks},
	Volume = {323},
	Year = {2009},
	Bdsk-File-1 = {YnBsaXN0MDDUAQIDBAUGJCVYJHZlcnNpb25YJG9iamVjdHNZJGFyY2hpdmVyVCR0b3ASAAGGoKgHCBMUFRYaIVUkbnVsbNMJCgsMDxJXTlMua2V5c1pOUy5vYmplY3RzViRjbGFzc6INDoACgAOiEBGABIAFgAdccmVsYXRpdmVQYXRoWWFsaWFzRGF0YV8QF2NpdGF0aW9ucy8xNDUzLmZ1bGwucGRm0hcLGBlXTlMuZGF0YU8RAYwAAAAAAYwAAgAADE1hY2ludG9zaCBIRAAAAAAAAAAAAAAAAAAAAAAAAABCRAAB/////w0xNDUzLmZ1bGwucGRmAAAAAAAAAAAAAAAAAAAAAAAAAAAAAAAAAAAAAAAAAAAAAAAAAAAAAAAAAAAAAAAAAAD/////AAAAAAAAAAAAAAAAAAEAAwAACiBjdQAAAAAAAAAAAAAAAAAJY2l0YXRpb25zAAACAEkvOlVzZXJzOnNoYW5ub246RHJvcGJveDpDaEU2OTZfcGVyY29sYXRpb246UmVwb3J0OmNpdGF0aW9uczoxNDUzLmZ1bGwucGRmAAAOABwADQAxADQANQAzAC4AZgB1AGwAbAAuAHAAZABmAA8AGgAMAE0AYQBjAGkAbgB0AG8AcwBoACAASABEABIAR1VzZXJzL3NoYW5ub24vRHJvcGJveC9DaEU2OTZfcGVyY29sYXRpb24vUmVwb3J0L2NpdGF0aW9ucy8xNDUzLmZ1bGwucGRmAAATAAEvAAAVAAIADv//AACABtIbHB0eWiRjbGFzc25hbWVYJGNsYXNzZXNdTlNNdXRhYmxlRGF0YaMdHyBWTlNEYXRhWE5TT2JqZWN00hscIiNcTlNEaWN0aW9uYXJ5oiIgXxAPTlNLZXllZEFyY2hpdmVy0SYnVHJvb3SAAQAIABEAGgAjAC0AMgA3AEAARgBNAFUAYABnAGoAbABuAHEAcwB1AHcAhACOAKgArQC1AkUCRwJMAlcCYAJuAnICeQKCAocClAKXAqkCrAKxAAAAAAAAAgEAAAAAAAAAKAAAAAAAAAAAAAAAAAAAArM=}}
